%% This BibTeX bibliography file was created using BibDesk.
%% http://bibdesk.sourceforge.net/

%% Created for Robert Marshall Murphy at 2017-06-22 09:41:28 -0500 


%% Saved with string encoding Unicode (UTF-8) 
@misc{snowtrees,
	Author = {Paul Gilmore},
	Year = {2017},
	Note = {Index chapter image},
	Howpublished = {Free},
	Url = {https://unsplash.com/?photo=0w-TagD82U8}
}
@misc{potter,
	Author = {Quino Al},
	Year = {2016},
	Note = {Glossary chapter image},
	Howpublished = {Free},
	Url = {https://unsplash.com/?photo=vBxlL1xpSdc},
}
@misc{peridium,
	Author = {Dmytro Leontyev},
	Year = {2013},
	Note = {Bibliography chapter image},
	Howpublished = {CC-BY-SA 4 Intl.},
	Url = {https://commons.wikimedia.org/wiki/File:Tubifera_dudkae-4.jpg},
}

@misc{Merops,
	Author = {Pierre Dalous},
	Year = {2012},
	Note = {Prerequisites chapter image},
	Howpublished = {CC-BY-SA 3},
	Url = {https://commons.wikimedia.org/wiki/File:Pair_of_Merops_apiaster_feeding.jpg},
}

@misc{morgoth,
	Author = {Randomness},
	Url = {https://commons.wikimedia.org/wiki/File:Fractal_Eye_of_morgoth2_5600x4200.jpg},
	Year = {2008},
	Note = {3D vector chapter image},
	Howpublished = {2008},
}

@misc{primes,
	Author = {Endlessoblivion},
	Url = {https://commons.wikimedia.org/wiki/File:Primes_-_distribution_-_up_to_3_x_17_primorial.png},
	Howpublished = {CC-BY-SA 3},
	Year = {2010},
	Note = {Prime numbers – Distribution},
}

@misc{poolmoss,
	Author = {Forest Wander},
	Url = { https://commons.wikimedia.org/wiki/File:Elakala_Waterfalls_Swirling_Pool_Mossy_Rocks.jpg},
	Howpublished = {CC-BY-SA 2},
	Year = {2009},
	Note = {Parent function chapter image},
}

@misc{derivativedefinition,
	Author = {Jeff Cruzan},
	Url = {http://www.drcruzan.com/TheDerivative.html},
	Howpublished = {CC-BY-NC-SA 3},
	Year = {2012},
	Note = {Difference Quotient},
}

@online{legrandorange,
	Author = {Mathias Legrand},
	Howpublished = {CC-BY-NC-SA 3.0},
	Url = {https://www.latextemplates.com/template/the-legrand-orange-book},
	Urldate = {2017},
	Note = {LaTeX Templates},
	Lastchecked = {2017},
	Title = {The Legrand Orange Book},
}

@online{sxtikzcomp,
	Author = {JP Ellis},
	Url = {https://tex.stackexchange.com/questions/292530/composite-function-set-diagram},
	Note = {Answer two on Stack Exchange},
	Howpublished = {CC-BY-SA 3.0},
	Urldate = {2016},
	Lastchecked = {2017},
	Title = {Composite function set diagram},
}

@online{tikzdq,
	Author = {Peter Kint},
	Date-Added = {2017-06-22 14:40:22 +0000},
	Date-Modified = {2017-06-22 14:41:28 +0000},
	Lastchecked = {2017},
	Title = {Example: Difference quotient},
	Urldate = {2010},
	Url = {http://www.texample.net/tikz/examples/difference-quotient/}
}

@misc{function1x,
	Author = {Qualc1},
	Howpublished = {CC-BY-SA 3},
	Month = {5},
	Note = {The function y=1/x},
	Url = {https://commons.wikimedia.org/wiki/File:Function-1_x.svg},
	Year = {2006},
	Bdsk-Url-1 = {https://commons.wikimedia.org/wiki/File:Function-1_x.svg}}

@misc{epsilondelta,
	Author = {HiTe},
	Howpublished = {GFDL},
	Month = {6},
	Note = {epsilon-delta definition of limits},
	Url = {https://en.wikipedia.org/wiki/File:Límite_01.svg},
	Year = {2007},
	Bdsk-Url-1 = {https://en.wikipedia.org/wiki/File:L%C3%ADmite_01.svg}}

@misc{Mosque,
	Author = {Ayyoubsabawiki},
	Howpublished = {CC-BY-SA 4.0 Intl.},
	Month = {2},
	Note = {Chapter 3 image},
	Url = {https://commons.wikimedia.org/wiki/File:Nasir-al_molk_-1.jpg},
	Year = {2015},
	Bdsk-Url-1 = {https://commons.wikimedia.org/wiki/File:Nasir-al_molk_-1.jpg}}

@misc{EDMCrowd,
	Author = {el.ectro},
	Howpublished = {CC-BY-SA 3},
	Month = {1},
	Note = {Chapter 2 image},
	Url = {https://commons.wikimedia.org/wiki/File:EDMcrowd.jpg},
	Year = {2014},
	Bdsk-Url-1 = {https://commons.wikimedia.org/wiki/File:EDMcrowd.jpg}}

@misc{StarTrail,
	Author = {A Duro ESO},
	Howpublished = {CC-BY 4},
	Month = {8},
	Note = {Radix chapter image},
	Url = {https://commons.wikimedia.org/wiki/File:All_In_A_Spin_Star_trail.jpg},
	Year = {2016},
	Bdsk-Url-1 = {https://commons.wikimedia.org/wiki/File:All_In_A_Spin_Star_trail.jpg}}

@misc{Higgs,
	Author = {Lucas Taylor},
	Howpublished = {CC-BY-SA 3},
	Month = {10},
	Note = {Regression chapter image},
	Url = {https://commons.wikimedia.org/wiki/File:CMS_Higgs-event.jpg},
	Year = {1997},
	Bdsk-Url-1 = {https://commons.wikimedia.org/wiki/File:CMS_Higgs-event.jpg}}

@misc{Plasma,
	Author = {Roger Griffith},
	Howpublished = {CC-BY-SA 4},
	Note = {Sequences chapter image},
	Url = {commons.wikimedia.org/wiki/File:Quantum_Plasma_Sphere.JPG},
	Year = {2014},
	Bdsk-Url-1 = {commons.wikimedia.org/wiki/File:Quantum_Plasma_Sphere.JPG}}

@misc{Gamble,
	Author = {Ralf Roletschek},
	Howpublished = {CC-BY-SA 3},
	Note = {Probability chapter},
	Url = {https://commons.wikimedia.org/wiki/File:13-02-27-spielbank-wiesbaden-by-RalfR-093.jpg},
	Year = {2013},
	Bdsk-Url-1 = {https://commons.wikimedia.org/wiki/File:13-02-27-spielbank-wiesbaden-by-RalfR-093.jpg}}

@misc{Avoini13,
	Author = {Avoini},
	Howpublished = {CC-BY-SA 3},
	Note = {Polar chapter image},
	Url = {https://commons.wikimedia.org/wiki/File:Reef_shark_beneath_a_school_of_jack_fish.jpg},
	Year = {2013},
	Bdsk-Url-1 = {https://commons.wikimedia.org/wiki/File:Reef_shark_beneath_a_school_of_jack_fish.jpg}}

@misc{NorthernLights,
	Author = {Mads Pihl},
	Howpublished = {CC-BY 2},
	Note = {Non-right triangles chapter image},
	Url = {https://commons.wikimedia.org/wiki/File:Northern_lights_in_Greenland_(14990374447).jpg},
	Year = {2013},
	Bdsk-Url-1 = {https://commons.wikimedia.org/wiki/File:Northern_lights_in_Greenland_(14990374447).jpg}}

@misc{Saturn,
	Author = {NASA JPL},
	Howpublished = {CC-BY 2},
	Note = {Chapter 10 image},
	Url = {https://commons.wikimedia.org/wiki/File:Approach_to_Saturn_(PIA05380).jpg},
	Year = {2004},
	Bdsk-Url-1 = {https://commons.wikimedia.org/wiki/File:Approach_to_Saturn_(PIA05380).jpg}}

@misc{Clouds,
	Author = {Unsplash},
	Howpublished = {CC0},
	Note = {Solutions chapter image},
	Url = {https://www.pexels.com/photo/snow-capped-mountains-under-blue-sky-and-white-clouds-115045/},
	Year = {2016},
	Bdsk-Url-1 = {https://www.pexels.com/photo/snow-capped-mountains-under-blue-sky-and-white-clouds-115045/}}

@misc{FireTrees,
	Author = {AlbertHerring},
	Howpublished = {CC-BY-SA 2},
	Note = {Conics chapter image},
	Url = {https://commons.wikimedia.org/wiki/File:NM_12-06-06_0576_(7175101925).jpg},
	Year = {2012},
	Bdsk-Url-1 = {https://commons.wikimedia.org/wiki/File:NM_12-06-06_0576_(7175101925).jpg}}

@misc{Floating,
	Author = {Anindhya},
	Howpublished = {CC-BY-SA 4 Intl.},
	Note = {Chapter 9 image},
	Url = {https://commons.wikimedia.org/wiki/File:Floating_Houses_Of_Malaysia.jpg},
	Year = {2015},
	Bdsk-Url-1 = {https://commons.wikimedia.org/wiki/File:Floating_Houses_Of_Malaysia.jpg}}

@misc{Eclipse14,
	Author = {Robert Jay GaBany},
	Howpublished = {CC-BY-SA 3},
	Note = {Chapter 7 image},
	Url = {https://commons.wikimedia.org/wiki/File:Lunar_eclipse_04-15-2014_by_R_Jay_GaBany.jpg},
	Year = {2014},
	Bdsk-Url-1 = {https://commons.wikimedia.org/wiki/File:Lunar_eclipse_04-15-2014_by_R_Jay_GaBany.jpg}}

@misc{SaoPaulo,
	Author = {Rafael Matsunaga},
	Howpublished = {CC-BY 2},
	Note = {Polynomial chapter image},
	Title = {Sao Paulo Stock Exchange},
	Url = {https://commons.wikimedia.org/wiki/File:Sao_Paulo_Stock_Exchange.jpg},
	Year = {2017},
	Bdsk-Url-1 = {https://commons.wikimedia.org/wiki/File:Sao_Paulo_Stock_Exchange.jpg}}

@misc{CME,
	Author = {NASA Goddard},
	Howpublished = {CC-BY 2},
	Note = {Power Function chapter image},
	Title = {Magnificent CME Erupts on the Sun - August 31},
	Url = {https://commons.wikimedia.org/wiki/File:Magnificent_CME_Erupts_on_the_Sun_-_August_31.jpg},
	Year = {2012},
}

@misc{THartmann,
	Author = {Hartmann, T},
	Date-Added = {2017-06-21 20:41:51 +0000},
	Date-Modified = {2017-06-21 20:43:12 +0000},
	Howpublished = {CC-BY-SA},
	Note = {Chapter 1 title image},
	Title = {Mountain-type Woodland Caribou},
	Url = {https://commons.wikimedia.org/wiki/File:Mountain-type_Woodland_Caribou.jpg},
	Year = {2014},
	Bdsk-Url-1 = {https://commons.wikimedia.org/wiki/File:Mountain-type_Woodland_Caribou.jpg}}

@misc{KuwaitFireWorks,
	Author = {luisqb},
	Date-Added = {2017-06-21 20:15:23 +0000},
	Date-Modified = {2017-06-21 20:22:08 +0000},
	Howpublished = {CC0},
	Keywords = {pic},
	Note = {Table of Contents chapter picture},
	Title = {Pixabay - Kuwait Fireworks Display Lights},
	Url = {https://pixabay.com/en/kuwait-fireworks-display-lights-252613/},
	Year = {2014},
	Bdsk-Url-1 = {https://pixabay.com/en/kuwait-fireworks-display-lights-252613/}}

@misc{TI84,
	Author = {Eigenes Werk},
	Date-Added = {2017-06-21 20:06:39 +0000},
	Date-Modified = {2017-06-21 20:07:18 +0000},
	Note = {Picture of TI-8* in Introduction},
	Title = {TI-84 Plus},
	Url = {https://commons.wikimedia.org/wiki/File:TI-84_Plus.svg},
	Year = {2009},
	Bdsk-Url-1 = {https://commons.wikimedia.org/wiki/File:TI-84_Plus.svg}}

@misc{BuckleyFoerster,
	Author = {Buckley, Andrew},
	Date-Added = {2017-06-21 19:59:23 +0000},
	Date-Modified = {2017-06-21 20:01:00 +0000},
	Keywords = {photo},
	Note = {Picture of Paul Foerster},
	Rating = {5},
	Read = {1},
	Title = {San Antonio Express News},
	Url = {http://ww2.hdnux.com/photos/03/66/04/1007901/3/920x920.jpg},
	Year = {2011},
	Bdsk-Url-1 = {http://ww2.hdnux.com/photos/03/66/04/1007901/3/920x920.jpg}}

@book{Alexander12,
	Author = {Amir Alexander},
	Date-Modified = {2017-06-21 19:58:02 +0000},
	Keywords = {calculus, history},
	Publisher = {Scientific American / Farrar, Straus and Giroux},
	Rating = {4},
	Read = {0},
	Title = {Infinitesimal: How a Dangerous Mathematical Theory Shaped the Modern World},
	Year = {2014},
	Bdsk-Url-1 = {https://www.amazon.com/Infinitesimal-Dangerous-Mathematical-Theory-Shaped-ebook/dp/B00FIL9B7E?SubscriptionId=0JYN1NVW651KCA56C102&tag=techkie-20&linkCode=xm2&camp=2025&creative=165953&creativeASIN=B00FIL9B7E}}

@article{Speer,
	Address = {Washington D.C.},
	Author = {Forgren, Roger},
	Date-Modified = {2017-06-21 18:35:48 +0000},
	Journal = {The New Atlantis},
	Keywords = {Hitler, evil, architecture, STEM},
	Number = {36},
	Pages = {44--62},
	Publisher = {Ethics and Public Policy Center},
	Rating = {5},
	Read = {1},
	Title = {The Architecture of Evil},
	Url = {http://www.thenewatlantis.com/publications/the-architecture-of-evil},
	Year = {2012},
	Bdsk-Url-1 = {http://www.thenewatlantis.com/publications/the-architecture-of-evil}}
